@article{kelly17,
	author = {{Kelly}, L.J. and {Nicholls}, G.K.},
	journal = {Ann. Appl. Stat.},
	title = {{Lateral transfer in Stochastic Dollo models}},
    number = "2",
    pages = "1146--1168",
    volume = "11",
    year = "2017"
}

@article{ryder11,
	author = {Ryder, R.J. and Nicholls, G.K.},
	journal = {J. Roy. Statist. Soc. C},
	number = {1},
	pages = {71--92},
	title = {Missing data in a stochastic {Dollo} model for binary trait data, and its application to the dating of {Proto-Indo-European}},
	volume = {60},
	year = {2011}
}

@inproceedings{biswas19,
    title={{Estimating convergence of Markov chains with $ L $-lag couplings}},
    author={Biswas, N. and Jacob, P.E. and Vanetti, P.},
    booktitle={NeurIPS},
    pages={7389--7399},
    year={2019}
}

@article{jacob20,
    author = {Jacob, P.E. and O’Leary, J. and Atchadé, Y.F.},
    title = {{Unbiased Markov chain Monte Carlo methods with couplings}},
    journal = {J. Roy. Statist. Soc. B},
    year = {2020}
}

@article{whidden15,
    author = {Whidden, C. and Matsen, F.A. IV},
    title = "{Quantifying MCMC Exploration of Phylogenetic Tree Space}",
    journal = {Syst. Biol.},
    volume = {64},
    number = {3},
    pages = {472-491},
    year = {2015},
    month = {01}
}

@article{fourment19,
    author = {Fourment, M. and Magee, A.F. and Whidden, C. and Bilge, A. and Matsen, F.A IV and Minin, V.N.},
    title = "{19 Dubious Ways to Compute the Marginal Likelihood of a Phylogenetic Tree Topology}",
    journal = {Syst. Biol.},
    volume = {69},
    number = {2},
    pages = {209-220},
    year = {2019},
    month = {08}
}

@misc{koskela20,
    title={{Zig-zag sampling for discrete structures and non-reversible phylogenetic MCMC}},
    author={J. Koskela},
    year={2020},
    eprint={2004.08807},
    archivePrefix={arXiv},
    primaryClass={stat.CO}
}

@misc{zhang19,
    title={Large-scale inference of correlation among mixed-type biological traits with phylogenetic multivariate probit models},
    author={Z. Zhang and A. Nishimura and P. Bastide and X. Ji and R.P. Payne and P. Goulder and P. Lemey and M.A. Suchard},
    year={2019},
    eprint={1912.09185},
    archivePrefix={arXiv},
    primaryClass={stat.ME}
}

@article{lu20,
  title={Genomic characterisation and epidemiology of 2019 novel coronavirus: implications for virus origins and receptor binding},
  author={Lu, R. and Zhao, X. and Li, J. and Niu, P. and Yang, B. and Wu, H. and Wang, W. and Song, H. and Huang, B. and Zhu, N. and others},
  journal={The Lancet},
  volume={395},
  number={10224},
  pages={565--574},
  year={2020}
}

@phdthesis{kelly16,
	author = {Kelly, L.J.},
	school = {University of Oxford},
	title = {{A Stochastic Dollo model for lateral transfer.}},
	year = {2016}
}

@inproceedings{zhang19vb,
  title={{Variational Bayesian Phylogenetic Inference}},
  author={Zhang, C. and Matsen, F.A. IV},
  year={2019},
  booktitle={ICLR}
}

@article{bouckaert19,
    author = {Bouckaert, R. AND Vaughan, T.G. AND Barido-Sottani, J. AND Duchêne, S. AND Fourment, M. AND Gavryushkina, A. AND Heled, J. AND Jones, G. AND Kühnert, D. AND De Maio, N. AND Matschiner, M. AND Mendes, F.K. AND Müller, N.F. AND Ogilvie, H.A. AND du Plessis, L. AND Popinga, A. AND Rambaut, A. AND Rasmussen, D. AND Siveroni, I. AND Suchard, M.A. AND Wu, C.~-H. AND Xie, D. AND Zhang, C. AND Stadler, T. AND Drummond, A.J.},
    journal = {PLOS Comput. Biol.},
    title = {{BEAST 2.5: An advanced software platform for Bayesian evolutionary analysis}},
    year = {2019},
    month = {04},
    volume = {15},
    number = {4},
}

@article{wang19,
    author = {Wang, L. and Wang, S. and Bouchard-Côté, A.},
    title = "{An Annealed Sequential Monte Carlo Method for Bayesian Phylogenetics}",
    journal = {Syst. Biol.},
    volume = {69},
    number = {1},
    pages = {155-183},
    year = {2019},
    month = {06}
}

@article{whidden19,
    author = {Whidden, C. and Claywell, B.C. and Fisher, T. and Magee, A.F. and Fourment, M. and Matsen, F.A. IV},
    title = "{Systematic Exploration of the High Likelihood Set of Phylogenetic Tree Topologies}",
    journal = {Syst. Biol.},
    volume = {69},
    number = {2},
    pages = {280-293},
    year = {2019},
    month = {08}
}

@article{ronquist12,
  title={{MrBayes 3.2: efficient Bayesian phylogenetic inference and model choice across a large model space}},
  author={Ronquist, F. and Teslenko, M. and Van Der Mark, P. and Ayres, D.L. and Darling, A. and H{\"o}hna, S. and Larget, B. and Liu, L. and Suchard, M.A. and Huelsenbeck, J.P.},
  journal={Syst. Biol.},
  volume={61},
  number={3},
  pages={539--542},
  year={2012}
}

